@article{r1,
  title={Social engineering attacks during the COVID-19 pandemic},
  author={Venkatesha, Sushruth and Reddy, K Rahul and Chandavarkar, BR},
  journal={SN computer science},
  volume={2},
  number={2},
  pages={1--9},
  year={2021},
  publisher={Springer}
}

@article{r2,
  title={Survey paper: Mobility management in heterogeneous wireless networks},
  author={Chandavarkar, BR and Reddy, G Ram Mohan},
  journal={Procedia Engineering},
  volume={30},
  pages={113--123},
  year={2012},
  publisher={Elsevier}
}